@misc{Wiki,
  title = {Liar's Dice},
  note = {\url{https://en.wikipedia.org/wiki/Liar\%27s_dice}}
}
